@comment{x-kbibtex-encoding=utf-8}

@article{davydova2015,
	author = {Давыдова, Е.А.},
	journal = {Антропологический форум},
	number = {26},
	pages = {171–206},
	title = {{Письмена Тыневиля: микроисторический анализ одного изобретения}},
	volume = {26},
	address = {Санкт-Петербург, СПб.},
	year = {2015}
}

@article{lavrov1969,
	author = {Лавров, И.П.},
	journal = {Техника молодежи},
	number = {8},
	pages = {31–33},
	title = {{Чукотский феномен}},
	volume = {8},
	year = {1969}
}

@book{bogoraz1937,
	author = {Богораз, В.Г.},
	publisher = {Государственное учебно-педагорическое издательство},
	title = {{Луораветланско-Русский словарь}},
	address = {Ленинград, Л.},
	year = {1937}
}

@incollection{bogoraz1934,
	author = {Богораз, В.Г.},
	publisher = {Государственное учебно-педагорическое издательство},
	title = {{Луораветланский (чукотский) язык}},
	pages = {5--46},
	booktitle = {{Языки и письменность народов Севера}},
	volume = {3},
	address = {Ленинград, Л.},
	year = {1934}
}

@incollection{mindalevich1934,
	author = {Mindalevich, A.M.},
	publisher = {Издание Всесоюзного Арктического Института},
	title = {{Hieroglyphic Characters of the Chuckchees}},
	pages = {191--195},
	booktitle = {{Arctica}},
	volume = {2},
	address = {Ленинград, Л.},
    year = {1934}
}

@archive{spbfaran79,
    archivename = {СПбФ АРАН},
    title = {{Материалы о «новых письменах чукотских оленеводов»}},
    collectionnumber = {250},
    inventorynumber = {1},
    filenumber = {79}
}
